@inproceedings{heafield-etal-2013-scalable,
  title = {Scalable Modified {K}neser-{N}ey Language Model Estimation},
  author = {Heafield, Kenneth and Pouzyrevsky, Ivan and Clark, Jonathan H. and Koehn, Philipp},
  booktitle = {Proceedings of the 51st Annual Meeting of the Association for Computational Linguistics (Volume 2: Short Papers)},
  month = aug,
  year = {2013},
  address = {Sofia, Bulgaria},
  publisher = {Association for Computational Linguistics},
  url = {https://www.aclweb.org/anthology/P13-2121},
  pages = {690--696},
  month_numeric = {8}
}

@inproceedings{heafield-2011-kenlm,
  title = {{K}en{LM}: Faster and Smaller Language Model Queries},
  author = {Heafield, Kenneth},
  booktitle = {Proceedings of the Sixth Workshop on Statistical Machine Translation},
  month = jul,
  year = {2011},
  address = {Edinburgh, Scotland},
  publisher = {Association for Computational Linguistics},
  url = {https://www.aclweb.org/anthology/W11-2123},
  pages = {187--197},
  month_numeric = {7}
}

@misc{arpa-definition,
    title = {ICSI Speech FAQ: 3.10 What are the grammar data formats?},
    howpublished = {\url{https://www1.icsi.berkeley.edu/Speech/faq/grammarfmts.html}},
    author = {fosler},
    note = {Accessed: \today}
}

@book{queen-of-spades,
    author = {Aleksandr Sergeyevich Pushkin},
    year = {2007},
    title = {The Queen Of Spades},
    publisher = {Project Gutenberg},
    note = {\url{https://www.gutenberg.org/cache/epub/23058/pg23058.txt}}
}